<?xml version="1.0" encoding="UTF-8"?><collection xmlns="http://www.loc.gov/MARC21/slim"><record><leader>00320nam--2200121-i-4500</leader><controlfield tag="001">000001359</controlfield><controlfield tag="002">20161230</controlfield><controlfield tag="005">20161230201024</controlfield><controlfield tag="008">060222s1000------------r-----000-0-eng-d</controlfield><datafield ind1=" " ind2=" " tag="080"><subfield code="a">621.3.038.61</subfield></datafield><datafield ind1=" " ind2=" " tag="245"><subfield code="a">200 bev accelerator design study</subfield></datafield><datafield ind1=" " ind2=" " tag="260"><subfield code="a">Springfield, University Of California, 1965. /Pag.Dif.</subfield></datafield><datafield ind1=" " ind2=" " tag="852"><subfield code="a">79013</subfield></datafield></record></collection>